%% This BibTeX bibliography file was created using BibDesk.
%% http://bibdesk.sourceforge.net/


%% Created for Dominik Stamm at 2014-06-04 14:57:38 +0200 


%% Saved with string encoding Unicode (UTF-8) 


	
@inproceedings{Zhao:2010,
  title={{GPUMP}: {A} {M}ultiple-{P}recision {I}nteger {L}ibrary for {GPU}s.},
  author={Zhao, Kaiyong and Chu, Xiaowen},
  booktitle={CIT},
  pages={1164--1168},
  year={2010}
}

@article{Liu:2011,
  title={{GMP implementation on CUDA--A Backward Compatible Design With Performance Tuning}},
  author={Liu, Hao Jun and Tong, Chu},
  year={2012},
  publisher={hgpu. org}
}


@misc{Robinson:2014,
	Author = {Jeffrey Robinson},
	Date-Added = {2014-06-04 12:25:48 +0000},
	Date-Modified = {2014-06-04 12:27:30 +0000},
	Howpublished = {GPU Technology Conference},
	Title = {Fast {GPU} {B}ased {M}odular {M}ultiplication},
	Url = {http://on-demand.gputechconf.com/gtc/2014/poster/pdf/P4156_montgomery_multiplication_CUDA_concurrent.pdf},
	Year = {2014}}

@mastersthesis{Wu:2010,
	Author = {Hao Wu},
	Date-Added = {2014-06-04 12:06:54 +0000},
	Date-Modified = {2014-06-04 12:07:59 +0000},
	School = {Gj{\o}vik University College},
	Title = {Implementation of public key algorithms in {CUDA}},
	Url = {http://brage.bibsys.no/xmlui/bitstream/handle/11250/143934/Master%20Thesis_%20Hao%20Wu_080338.pdf?sequence=1},
	Year = {2010}}

@book{Knuth:1968,
	Author = {Donald Knuth},
	Date-Added = {2014-06-03 19:26:50 +0000},
	Date-Modified = {2014-06-03 19:28:19 +0000},
	Title = {The {A}rt of {C}omputer {P}rogramming},
	Year = {1968}}

@phdthesis{Cook:1966,
	Author = {Stephen A. Cook},
	Date-Added = {2014-06-03 18:52:54 +0000},
	Date-Modified = {2014-06-03 18:54:31 +0000},
	Title = {http://cr.yp.to/bib/1966/cook.html},
	Url = {http://cr.yp.to/bib/1966/cook.html},
	Year = {1966}}

@article{Zhao:2009,
	Abstract = {Multiple-precision modular multiplications are the key components in security applications, like public-key cryptography for encrypting and signing digital data. But unfortunately they are computationally expensive for contemporary CPUs. By exploiting the computing power of the many-core GPUs, we implemented a multiple-precision integer library with CUDA. In this paper, we will investigate the implementation of two approaches of multiple-precision modular multiplications on GPU. We will analyze the detail of the instructions of multiple-precision modular multiplication on the GPU and find the hit issues, and then we propose to use the inline ASM to improve the implementation of this function. Our experimental results show that the performance of multiple-precision modular multiplication has been improved by 20%.},
	Author = {Kaiyong Zhao},
	Date-Added = {2014-06-03 18:27:15 +0000},
	Date-Modified = {2014-06-03 18:44:40 +0000},
	Keywords = {GPU computing, CUDA, Multiple-precision Modular Multiplication, Karatsuba multiplication, Montgomery modular multiplication},
	Title = {Implementation of {M}ultiple-precision {M}odular {M}ultiplication on {GPU}},
	Url = {http://www.comp.hkbu.edu.hk/~pgday/2009/10th_papers/kzhao.pdf},
	Year = {2009}}
	
@article{Harris:2014,
	title={Parallel prefix sum (scan) with {CUDA}},
	author={Harris, Mark and Sengupta, Shubhabrata and Owens, John D},
	journal={GPU gems},
	volume={3},
	number={39},
	pages={851--876},
	year={2007}
}
	

@article{Cetin:1998,
  title={Montgomery multiplication in {$GF(2^k)$}},
  author={Koc, Cetin K and Acar, Tolga},
  journal={Designs, Codes and Cryptography},
  volume={14},
  number={1},
  pages={57--69},
  year={1998},
  publisher={Springer}
}


@book{macwilliams1977theory,
  title={The theory of error-correcting codes},
  author={MacWilliams, Florence Jessie and Sloane, Neil James Alexander},
  volume={16},
  year={1977},
  publisher={Elsevier}
}

@article{renner2008security,
  title={Security of quantum key distribution},
  author={Renner, Renato},
  journal={International Journal of Quantum Information},
  volume={6},
  number={01},
  pages={1--127},
  year={2008},
  publisher={World Scientific}
}

@article{mauerer2012modular,
  title={A modular framework for randomness extraction based on {T}revisan's construction},
  author={Mauerer, Wolfgang and Portmann, Christopher and Scholz, Volkher B},
  journal={arXiv preprint arXiv:1212.0520},
  year={2012}
}

@article{tomamichel2011leftover,
  title={Leftover hashing against quantum side information},
  author={Tomamichel, Marco and Schaffner, Christian and Smith, Adam and Renner, Renato},
  journal={Information Theory, IEEE Transactions on},
  volume={57},
  number={8},
  pages={5524--5535},
  year={2011},
  publisher={IEEE}
}

@inproceedings{haque2012plain,
  title={Plain polynomial arithmetic on {GPU}},
  author={Haque, Sardar Anisul and Maza, Marc Moreno},
  booktitle={Journal of Physics: Conference Series},
  volume={385},
  pages={012014},
  year={2012},
  organization={IOP Publishing}
}

@misc{EstrinsScheme,
  title = {Estrin's {S}cheme},
  howpublished = {\url{http://http://en.wikipedia.org/wiki/Estrin's_scheme}},
  note = {Accessed: 2014-11-21}
}

@article{ta2004extractor,
  title={Extractor codes},
  author={Ta-Shma, Amnon and Zuckerman, David},
  journal={Information Theory, IEEE Transactions on},
  volume={50},
  number={12},
  pages={3015--3025},
  year={2004},
  publisher={IEEE}
}

@inproceedings{Ostrowski:1954,
  title={On two problems in abstract algebra connected with {H}orner's rule},
  author={Ostrowski, AM},
  booktitle={Studies in Mathematics and Mechanics presented to Richard von Mises},
  pages={40--48},
  year={1954}
}


@article{de2012trevisan,
  title={Trevisan's extractor in the presence of quantum side information},
  author={De, Anindya and Portmann, Christopher and Vidick, Thomas and Renner, Renato},
  journal={SIAM Journal on Computing},
  volume={41},
  number={4},
  pages={915--940},
  year={2012},
  publisher={SIAM}
}


@article{Pan:1966,
  title={On means of calculating values of polynomials},
  author={Pan, Y. Ja.},
  journal={Russian Math. Surveys},
  volume={21},
  pages={105--136},
  year={1966}
}

@article{trevisan2001extractors,
  title={Extractors and pseudorandom generators},
  author={Trevisan, Luca},
  journal={Journal of the ACM},
  volume={48},
  number={4},
  pages={860--879},
  year={2001}
}

